<?xml version="1.0" encoding="UTF-8"?><collection xmlns="http://www.loc.gov/MARC21/slim"><record><leader>00343nam--2200109-i-4500</leader><controlfield tag="001">000033570</controlfield><controlfield tag="002">20161230</controlfield><controlfield tag="005">20161230201039</controlfield><controlfield tag="008">060222s1000------------r-----000-0-eng-d</controlfield><datafield ind1=" " ind2=" " tag="245"><subfield code="a">Nato advanced science institute series b</subfield></datafield><datafield ind1=" " ind2=" " tag="260"><subfield code="a">Zelites:Science And Technology.Ed. By:Ramoa ,Ribeiro  F. /S.A.</subfield></datafield><datafield ind1=" " ind2=" " tag="490"><subfield code="a">Boston ,Martinus Nijhoff Publishers, 1984</subfield></datafield></record></collection>